@Online{mvc1,
	title={Model-View-Controller (MVC) in iOS: A Modern Approach},
	author={Rui Peres},
	year={2016},
	url={https://www.raywenderlich.com/132662/mvc-in-ios-a-modern-approach},
	urldate={2018-05-30},
	keywords={Standard}
}

@ONLINE{XDK.General,
	title = {XDK110: General Information Guide},
	organization = {Bosch Connected Devices and Solutions},
	year = 2017,
	month = 8, 
	edition = 2,
	url={https://xdk.bosch-connectivity.com/documents/37728/286250/XDK_Guide_General_Information.pdf/bd1a92e1-f9ec-4368-a7b3-58cd72af9c27},
	urldate={2018-06-04}
}

@ONLINE{XDK.DataSheet,
	title = {Cross Domain Development Kit, Datasheet},
	organization = {Bosch Connected Devices and Solutions},
	year = 2017,
	url={https://xdk.bosch-connectivity.com/documents/37728/87798/XDK_Node_110_combined_Datasheet.pdf/9e8a29c9-08bc-4232-a7c7-1d42cd55239e},
	urldate={2018-06-04}
}

@ONLINE{XDK.Wifi,
	title = {XDK110: Guide Wi-Fi},
	organization = {Bosch Connected Devices and Solutions},
	year = 2017,
	month = 8, 
	edition = 2,
	url={https://xdk.bosch-connectivity.com/documents/37728/286250/XDK_Guide_Wi-Fi.pdf/aed854da-83e2-414e-8ad9-c3cd9043a30d},
	urldate={2018-06-04}
}

@ONLINE{XDK.FreeRTOS,
	title = {XDK110: Guide FreeRTOS},
	organization = {Bosch Connected Devices and Solutions},
	year = 2017,
	month = 8, 
	edition = 2,
	url={https://xdk.bosch-connectivity.com/documents/37728/268274/XDK_Guide_FreeRTOS.pdf/600ccac3-e22d-414a-8c7d-dfd7bdaa9066},
	urldate={2018-06-04}
}

@ONLINE{FreeRTOS.Tasks,
	title = {Tasks and Co-routines},
	organization = {FreeRTOS},
	url={https://www.freertos.org/taskandcr.html},
	urldate={2018-06-04}
}

@ONLINE{FreeRTOS.Timers,
	title = {Software Timers},
	organization = {FreeRTOS},
	url={https://www.freertos.org/RTOS-software-timer.html},
	urldate={2018-06-04}
}

@ONLINE{DataSheet.MQ7,
	title = {TECHNICAL DATA	MQ-7 GAS SENSOR},
	organization = {HANWEI ELECTRONICS CO., LTD},
	url={https://www.sparkfun.com/datasheets/Sensors/Biometric/MQ-7.pdf},
	urldate={2018-06-04}
}

@ONLINE{DataSheet.MQ131,
	title = {MQ131 Semiconductor Sensor for Ozone},
	url={http://www.sensorsportal.com/DOWNLOADS/MQ131.pdf},
	urldate={2018-06-04}
}

@ONLINE{DataSheet.MQ135,
	title = {Technical Data MQ-135 Gas Sensor},
	url={https://www.olimex.com/Products/Components/Sensors/SNS-MQ135/resources/SNS-MQ135.pdf},
	urldate={2018-06-04}
}

@ONLINE{DataSheet.MG811,
	title = {MG811 CO2 Sensor},
	url={https://sandboxelectronics.com/files/SEN-000007/MG811.pdf},
	urldate={2018-06-04}
}

@ONLINE{DataSheet.SDS011,
	title = {Laser PM2.5 Sensor specification},
	organization = {Nova Fitness Co., Ltd.},
	url={http://ecksteinimg.de/Datasheet/SDS011%20laser%20PM2.5%20sensor%20specification-V1.3.pdf},
	urldate={2018-06-04}
}


@ONLINE{DataSheet.CD4051B,
	title = {CD405xB CMOS Single 8-Channel Analog Multiplexer/Demultiplexer With Logic-Level Conversion},
	organization = {Texas Instruments},
	url={http://www.ti.com/lit/ds/symlink/cd4051b.pdf},
	urldate={2018-06-04}
}

@ONLINE{DataSheet.LM158N,
	title = {LMx58-N Low-Power, Dual-Operational Amplifiers},
	organization = {Texas Instruments},
	url={http://www.ti.com/lit/ds/symlink/lm158-n.pdf},
	urldate={2018-06-04}
}
